
@book{alvarez_energiteknik_2006,
	edition = {3},
	title = {Energiteknik},
	isbn = {978-91-44-01412-8},
	publisher = {Studentlitteratur},
	author = {Alvarez, Henrik},
	date = {2006},
}

@book{soleimani_mohseni_formelsamling_2018,
	title = {Formelsamling i energiteknik},
	publisher = {Studentlitteratur {AB}},
	author = {Soleimani Mohseni, Mohsen and Bäckström, Lars and Eklund, Robert},
	date = {2018},
}

@book{Hagberg2018uiv,
author={Hagberg, Leo and Henriksson, Tomas},
title={Underh{\aa}ll i v{\"a}rldsklass},
publisher={OEE Consultants AB},
address={Lund},
year={2018},
edition={Upplaga 2},
ISBN={9789163966163},
keywords={Produktionskontroll Underh{\aa}ll Underh{\aa}llskostnader Processorienterat arbete},
}
@manual{SS13460,
	title={Underhåll - Underhållsdokumentation},
	publisher={Svenska institutet för Standarder (SIS)},
	year={2009},
	edition={13460:2009}
}
@manual{SS13306,
	title={Underhåll - Underhållsterminologi},
	publisher={Svenska institutet för Standarder (SIS)},
	year={2017},
	edition={13306:2017}
}
@manual{SS15341,
	title={Underhåll - Nyckeltal för underhåll},
	publisher={Svenska institutet för Standarder (SIS)},
	year={2007},
	edition={15341:2007}
}
